% Encoding: UTF-8

@PREAMBLE{ {\providecommand{\noopsort}[1]{}} }

@IEEEtranBSTCTL{IEEEexample:BSTcontrol,
  ctlalt_stretch_factor = {1},
  ctlname_url_prefix    = {URL:},
}

@InProceedings{Fujisaki2002modeling,
  author        = {Fujisaki, Hiroya},
  title         = {Modeling in the study of tonal feature of speech with application to multilingual speech synthesis},
  booktitle     = {Joint International Conference of SNLP Oriental COCOSDA},
  pages         = {D1--D9},
  address       = {Hua Hin, Prachuap Khiri Khan, Thailand},
  year          = {2002},
}

@InProceedings{Fan2014TTS,
  author        = {Fan, Yuchen and Qian, Yao and Xie, Feng{-}Long and Soong, Frank K.},
  title         = {{TTS} synthesis with bidirectional {LSTM} based recurrent neural networks},
  booktitle     = {Interspeech},
  pages         = {1964--1968},
  year          = {2014},
  address       = {Singapore},
  url           = {http://www.isca-speech.org/archive/interspeech_2014/i14_1964.html},
}

@InProceedings{Hoffer2017Train,
  author        = {Hoffer, Elad and Hubara, Itay and Soudry, Daniel},
  title         = {Train longer, generalize better: closing the generalization gap in large batch training of neural networks},
  booktitle     = {Advances in Neural Information Processing Systems 30 (NIPS)},
  year          = {2017},
  pages         = {1729--1739},
  address       = {Long Beach, CA, USA},
  url           = {http://papers.nips.cc/paper/6770-train-longer-generalize-better-closing-the-generalization-gap-in-large-batch-training-of-neural-networks},
}

@Article{Ling2013Modeling,
  author        = {Ling, Zhen{-}Hua and Deng, Li and Yu, Dong},
  title         = {Modeling Spectral Envelopes Using Restricted {B}oltzmann Machines and Deep Belief Networks for Statistical Parametric Speech Synthesis},
  journal       = {IEEE Transactions on Audio, Speech, and Language Processing},
  year          = {2013},
  volume        = {21},
  pages         = {2129--2139},
  doi           = {10.1109/tasl.2013.2269291},
}

@Book{Vainio2001Artificial,
  author        = {Vainio, Martti},
  title         = {Artificial Neural Network Based Prosody Models for {F}innish Text-to-Speech Synthesis},
  publisher     = {University of Helsinki},
  series        = {Helsingin yliopiston fonetiikan laitoksen julkaisuja},
  volume        = {43},
  year          = {2001},
  url           = {http://ethesis.helsinki.fi/julkaisut/hum/fonet/vk/vainio/artifici.pdf},
}

@Article{Schuster1997Bidirectional,
  author        = {Schuster, Mike and Paliwal, Kuldip K.},
  title         = {Bidirectional recurrent neural networks},
  journal       = {IEEE Transactions on Signal Processing},
  year          = {1997},
  volume        = {45},
  number        = {11},
  pages         = {2673--2681},
  url           = {https://ai.intel.com/wp-content/uploads/sites/53/2017/06/BRNN.pdf},
}

@InProceedings{Santen1997Modeling,
  author        = {{\noopsort{Santen}}van Santen, Jan P. H. and M{\"o}bius, Bernd},
  title         = {Modeling pitch accent curves},
  booktitle     = {Intonation: Theory, Models and Applications--Proceedings of an ESCA Workshop},
  year          = {1997},
  pages         = {321-324},
  address       = {Athens, Greece},
  url           = {https://pdfs.semanticscholar.org/a90e/101a59f03c5c65e3fffe5a1e1e660b44ddc8.pdf},
}

@InProceedings{Mikolov2013Distributed,
  author        = {Mikolov, Tomas and Sutskever, Ilya and Chen, Kai and Corrado, Greg S. and Dean, Jeff},
  title         = {Distributed representations of words and phrases and their compositionality},

  booktitle     = {Advances in Neural Information Processing Systems 26 (NIPS)},
  year          = {2013},
  pages         = {3111--3119},
  address       = {Lake Tahoe, NV, USA},
  url           = {https://papers.nips.cc/paper/5021-distributed-representations-of-words-and-phrases-and-their-compositionality.pdf},
}

@Article{Ohala1973physiology,
  author        = {Ohala, John J.},
  title         = {The physiology of tone},
  journal       = {Southern California occasional papers in linguistics},
  year          = {1973},
  volume        = {1},
  pages         = {1-14},
  url           = {http://linguistics.berkeley.edu/~ohala/papers/physiology_of_tone.pdf},
}

@Book{Pulkki2015Communication,
  author        = {Pulkki, Ville and Karjalainen, Matti},
  title         = {Communication acoustics: an introduction to speech, audio and psychoacoustics},
  publisher     = {John Wiley \& Sons},
  year          = {2015},
  isbn          = {978-1-118-86655-9},
}

@InProceedings{Hunt1996Unit,
  author        = {Hunt, Andrew J. and Black, Alan W.},
  title         = {Unit selection in a concatenative speech synthesis system using a large speech database},
  booktitle     = {IEEE Transactions on Audio, Speech, and Language Processing},
  volume        = {1},
  pages         = {373--376},
  year          = {1996},
  address       = {Atlanta, GA, USA},
  doi           = {10.1109/icassp.1996.541110},
}

@Article{Gussenhoven1992Perceptual,
  author        = {Gussenhoven, Carlos and Hart, Johan 't and Collier, Ren{\'{e}} and Cohen, Antonie},
  title         = {A Perceptual Study of Intonation. An Experimental-Phonetic Approach to Speech Melody},
  journal       = {Language},
  year          = {1992},
  volume        = {68},
  number        = {3},
  pages         = {610--611},
  doi           = {10.2307/415797},
}

@Article{Pierrehumbert1980phonetics,
  author        = {Pierrehumbert, Janet},
  title         = {The phonetics and phonology of {E}nglish intonation},
  journal       = {Unpublished doctoral dissertation, MIT},
  year          = {1980},
  url           = {https://dspace.mit.edu/handle/1721.1/16065},
}

@InCollection{Fujisaki1983Dynamic,
  author        = {Fujisaki, Hiroya},
  title         = {Dynamic Characteristics of Voice Fundamental Frequency in Speech and Singing},
  booktitle     = {The Production of Speech},
  publisher     = {Springer New York},
  year          = {1983},
  pages         = {39--55},
  doi           = {10.1007/978-1-4613-8202-7_3},
}

@InProceedings{Zen2015Unidirectional,
  author        = {Zen, Heiga and Sak, Ha{\c{s}}im},
  title         = {Unidirectional long short-term memory recurrent neural network with recurrent output layer for low-latency speech synthesis},
  booktitle     = {International Conference on Acoustics, Speech and Signal Processing (ICASSP)},
  pages         = {4470--4474},
  address       = {South Brisbane, Queensland, Australia},
  year          = {2015},
  doi           = {10.1109/ICASSP.2015.7178816},
}

@Article{Pascanu2013How,
  author        = {Pascanu, Razvan and G{\"{u}}l{\c{c}}ehre, {\c{C}}aglar and Cho, Kyunghyun and Bengio, Yoshua},
  title         = {How to Construct Deep Recurrent Neural Networks},
  journal       = {CoRR},
  volume        = {abs/1312.6026},
  year          = {2013},
  url           = {http://arxiv.org/abs/1312.6026},
}

@Article{Chung2014Empirical,
  author        = {Chung, Junyoung and G{\"{u}}l{\c{c}}ehre, {\c{C}}aglar and Cho, KyungHyun and Bengio, Yoshua},
  title         = {Empirical Evaluation of Gated Recurrent Neural Networks on Sequence Modeling},
  journal       = {CoRR},
  volume        = {abs/1412.3555},
  year          = {2014},
  url           = {http://arxiv.org/abs/1412.3555},
}

@InProceedings{Santen1997Combinatorial,
  author        = {{\noopsort{Santen}}van Santen, Jan P. H.},
  title         = {Combinatorial issues in text-to-speech synthesis},
  booktitle     = {Fifth European Conference on Speech Communication and Technology (EUROSPEECH)},
  year          = {1997},
  pages         = {22--25},
  address       = {Rhodes, Greece},
  url           = {http://www.isca-speech.org/archive/eurospeech_1997/e97_2507.html},
}

@InProceedings{Sakurai2000Data,
  author        = {Sakurai, Atsuhiro and Minematsu, Nobuaki and Hirose, Keikichi},
  title         = {Data-driven intonation modeling using a neural network and a command response model},
  booktitle     = {Interspeech},
  pages         = {223--226},
  year          = {2000},
  address       = {Beijing, China},
  url           = {http://www.isca-speech.org/archive/icslp_2000/i00_3223.html},
}

@InCollection{Campbell1997Prosody,
  author        = {Campbell, Nick and Black, Alan W.},
  title         = {Prosody and the Selection of Source Units for Concatenative Synthesis},
  booktitle     = {Progress in Speech Synthesis},
  publisher     = {Springer New York},
  year          = {1997},
  pages         = {279--292},
  doi           = {10.1007/978-1-4612-1894-4_22},
}

@Article{Kawahara1999Restructuring,
  author        = {Kawahara, Hideki and Masuda-Katsuse, Ikuyo and de Cheveign{\'{e}}, Alain},
  title         = {Restructuring speech representations using a pitch-adaptive time{\textendash}frequency smoothing and an instantaneous-frequency-based {F0} extraction: Possible role of a repetitive structure in sounds},
  journal       = {Speech Communication},
  year          = {1999},
  volume        = {27},
  number        = {3-4},
  pages         = {187--207},
  doi           = {10.1016/s0167-6393(98)00085-5},
}

@Article{Morise2016WORLD,
  author        = {Morise, Masanori and Yokomori, Fumiya and Ozawa, Kenji},
  title         = {{WORLD:} A Vocoder-Based High-Quality Speech Synthesis System for Real-Time Applications},
  journal       = {IEICE Transactions on Information and Systems},
  year          = {2016},
  volume        = {99-D},
  number        = {7},
  pages         = {1877--1884},
  doi           = {10.1587/transinf.2015EDP7457},
}

@Article{Sotelo2017Char2wav,
  author        = {Sotelo, Jose and Mehri, Soroush and Kumar, Kundan and Santos, Joao Felipe and Kastner, Kyle and Courville, Aaron and Bengio, Yoshua},
  title         = {Char2wav: End-to-end speech synthesis},
  journal       = {ICLR Workshop},
  year          = {2017},
  url           = {https://mila.quebec/wp-content/uploads/2017/02/end-end-speech.pdf},
}

@Article{Hannun2014Deep,
  author        = {Hannun, Awni and Case, Carl and Casper, Jared and Catanzaro, Bryan and Diamos, Greg and Elsen, Erich and Prenger, Ryan and Satheesh, Sanjeev and Sengupta, Shubho and Coates, Adam and others},
  title         = {Deep Speech: Scaling up end-to-end speech recognition},
  journal       = {CoRR},
  volume        = {abs/1412.5567},
  year          = {2014},
  url           = {http://arxiv.org/abs/1412.5567},
}

@InProceedings{Wang2017Tacotron,
  author        = {Wang, Yuxuan and Skerry-Ryan, RJ and Stanton, Daisy and Wu, Yonghui and Weiss, Ron J and Jaitly, Navdeep and Yang, Zongheng and Xiao, Ying and Chen, Zhifeng and Bengio, Samy and others},
  title         = {Tacotron: Towards End-to-End Speech Synthesis},
  booktitle     = {Interspeech},
  pages         = {4006--4010},
  year          = {2017},
  address       = {Stockholm, Sweden},
  url           = {http://www.isca-speech.org/archive/Interspeech_2017/abstracts/1452.html},
}

@InProceedings{Traber1993Syntactic,
  author        = {Traber, Christof},
  title         = {Syntactic processing and prosody control in the {SVOX} {TTS} system for German},
  booktitle     = {Third European Conference on Speech Communication and Technology (EUROSPEECH)},
  year          = {1993},
  address       = {Berlin, Germany},
  url           = {http://www.isca-speech.org/archive/eurospeech_1993/e93_2099.html},
}

@InProceedings{Traber1990F0,
  author        = {Traber, Christof},
  title         = {{F0} Generation with a Database of Natural {F0} Patterns and with a Neural Network},
  booktitle     = {The ESCA Workshop on Speech Synthesis},
  year          = {1990},
  pages         = {141--144},
  address       = {Autrans, France},
  url           = {http://www.isca-speech.org/archive_open/ssw1/ssw1_141.html},
}

@InProceedings{Yoshizato2012Statistical,
  author        = {Yoshizato, Kota and Kameoka, Hirokazu and Saito, Daisuke and Sagayama, Shigeki},
  title         = {Statistical approach to {F}ujisaki-model parameter estimation from speech signals and its quantitative evaluation},
  booktitle     = {Proceedings of the 6th International Conference on Speech Prosody},
  year          = {2012},
  volume        = {1},
  pages         = {175--178},
  url           = {http://slab.hil.t.u-tokyo.ac.jp/publications/download.php?bib=Yoshizato2012SP05.pdf},
}

@Article{McAulay1986Speech,
  author        = {McAulay, Robert and Quatieri, Thomas F.},
  title         = {Speech analysis/synthesis based on a sinusoidal representation},
  journal       = {IEEE Transactions on Audio, Speech, and Language Processing},
  year          = {1986},
  volume        = {34},
  number        = {4},
  pages         = {744--754},
  doi           = {10.1109/TASSP.1986.1164910},
}

@InProceedings{Silverman1992ToBI,
  author        = {Silverman, Kim and Beckman, Mary and Pitrelli, John and Ostendorf, Mori and Wightman, Colin and Price, Patti and Pierrehumbert, Janet and Hirschberg, Julia},
  title         = {{TOBI:} a standard for labeling {E}nglish prosody},
  booktitle     = {The Second International Conference on Spoken Language Processing, (ICSLP)},
  year          = {1992},
  address       = {Alberta, Canada},
  url           = {http://www.isca-speech.org/archive/icslp_1992/i92_0867.html},
}

@Book{Fant1960Acoustic,
  author    = {Fant, Gunnar},
  title     = {Acoustic Theory of Speech Production: With Calculations Based on {X}-ray Studies of {R}ussian Articulations},
  publisher = {The Hague, Netherlands: Mouton},
  year      = {1960},
}

@Book{Chiba1941vowel,
  title         = {The vowel: its nature and structure},
  author        = {Chiba, Tsutomu and Kajiyama, Masato},
  publisher     = {Tokyo-Kaiseikan},
  year          = {1941},
}

@InProceedings{Espic2017Direct,
  author    = {Espic, Felipe and Valentini{-}Botinhao, Cassia and King, Simon},
  title     = {Direct modelling of magnitude and phase spectra for statistical parametric speech synthesis},
  booktitle = {Interspeech},
  year      = {2017},
  pages     = {1383--1387},
  address   = {Stockholm, Sweden},
  url       = {http://www.isca-speech.org/archive/Interspeech_2017/abstracts/1647.html},
}

@InCollection{Borden1980Use,
  author        = {Borden, Gloria J.},
  title         = {Use of Feedback in Established and Developing Speech},
  booktitle     = {Speech and Language},
  publisher     = {Elsevier},
  year          = {1980},
  volume        = {3},
  pages         = {223--242},
  doi           = {10.1016/b978-0-12-608603-4.50013-5},
}

@Article{Chin2012Speech,
  author        = {Chin, Steven B and Bergeson, Tonya R. and Phan, Jennifer},
  title         = {Speech intelligibility and prosody production in children with cochlear implants},
  journal       = {Journal of Communication Disorders},
  year          = {2012},
  volume        = {45},
  number        = {5},
  pages         = {355--366},
  doi           = {10.1016/j.jcomdis.2012.05.003},
}

@InProceedings{Luong2015Effective,
  author        = {Luong, Minh-Thang and Pham, Hieu and Manning, Christopher D.},
  title         = {Effective approaches to attention-based neural machine translation},
  booktitle     = {Conference on Empirical Methods in Natural Language Processing (EMNLP)},
  pages         = {1412--1421},
  address       = {Lisbon, Portugal},
  year          = {2015},
  url           = {http://aclweb.org/anthology/D/D15/D15-1166.pdf},
}

@InProceedings{Cho2014Learning,
  author        = {Cho, Kyunghyun and Van Merri{\"e}nboer, Bart and G{\"{u}}l{\c{c}}ehre, {\c{C}}aglar and Bahdanau, Dzmitry and Bougares, Fethi and Schwenk, Holger and Bengio, Yoshua},
  title         = {Learning Phrase Representations using {RNN} Encoder-Decoder for Statistical Machine Translation},
  booktitle     = {Conference on Empirical Methods in Natural Language Processing (EMNLP)},
  pages         = {1724--1734},
  year          = {2014},
  address       = {Doha, Qatar},
  url           = {http://aclweb.org/anthology/D/D14/D14-1179.pdf},
}

@Article{Kingma2014Adam,
  author        = {Kingma, Diederik P. and Ba, Jimmy},
  title         = {Adam: A method for stochastic optimization},
  journal       = {CoRR},
  volume        = {abs/1412.6980},
  year          = {2014},
  url           = {http://arxiv.org/abs/1412.6980},
}

@InProceedings{Golik2013Cross,
  author        = {Golik, Pavel and Doetsch, Patrick and Ney, Hermann},
  title         = {Cross-entropy vs. squared error training: a theoretical and experimental comparison},
  booktitle     = {Interspeech},
  year          = {2013},
  address       = {Lyon, France},
  pages         = {1756--1760},
  url           = {http://www.isca-speech.org/archive/interspeech_2013/i13_1756.html},
}

@InProceedings{Simard2003Best,
  author        = {Simard, Patrice Y. and Steinkraus, David and Platt, John C. and others},
  title         = {Best practices for convolutional neural networks applied to visual document analysis},
  booktitle     = {7th International Conference on Document Analysis and Recognition (ICDAR)},
  year          = {2003},
  pages         = {958--962},
  address       = {Edinburgh, SCT, UK},
  doi           = {10.1109/ICDAR.2003.1227801},
}

@Article{Ruder2017overview,
  author        = {Ruder, Sebastian},
  title         = {An overview of multi-task learning in deep neural networks},
  journal       = {CoRR},
  volume        = {abs/1706.05098},
  year          = {2017},
  url           = {http://arxiv.org/abs/1706.05098},
}

@Article{Burnett1998Voice,
  author        = {Burnett, Theresa A. and Freedland, Marcia B. and Larson, Charles R. and Hain, Timothy C.},
  title         = {Voice {F0} responses to manipulations in pitch feedback},
  journal       = {The Journal of the Acoustical Society of America},
  year          = {1998},
  volume        = {103},
  number        = {6},
  pages         = {3153--3161},
  doi           = {10.1121/1.423073},
}

@Article{Lane1991Speech,
  author        = {Lane, Harlan and Webste, Jane Wozniak},
  title         = {Speech deterioration in postlingually deafened adults},
  journal       = {The Journal of the Acoustical Society of America},
  year          = {1991},
  volume        = {89},
  number        = {2},
  pages         = {859--866},
  doi           = {10.1121/1.1894647},
}

@Article{Clevert2015Fast,
  author        = {Clevert, Djork-Arn{\'e} and Unterthiner, Thomas and Hochreiter, Sepp},
  title         = {Fast and accurate deep network learning by exponential linear units {(ELUs)}},
  journal       = {CoRR},
  volume        = {abs/1511.07289},
  year          = {2015},
  url           = {http://arxiv.org/abs/1511.07289},
}

@Article{Huszar2015How,
  author        = {Husz{\'a}r, Ferenc},
  title         = {How (not) to train your generative model: Scheduled sampling, likelihood, adversary?},
  journal       = {CoRR},
  volume        = {abs/1511.05101},
  year          = {2015},
  url           = {http://arxiv.org/abs/1511.05101},
}

@Article{Ranzato2015Sequence,
  author        = {Ranzato, Marc'Aurelio and Chopra, Sumit and Auli, Michael and Zaremba, Wojciech},
  title         = {Sequence level training with recurrent neural networks},
  journal       = {CoRR},
  volume        = {abs/1511.06732},
  year          = {2015},
  url           = {http://arxiv.org/abs/1511.06732},
}

@Article{Nesterov1983method,
  author        = {Nesterov, Y.},
  title         = {A method for unconstrained convex minimization problem with the rate of convergence o(1/k^2)},
  journal       = {Soviet Mathematics Doklady},
  year          = {1983},
  volume        = {27},
  pages         = {372--376},
  url           = {https://ci.nii.ac.jp/naid/20001173129/en/},
}

@Article{Duchi2011Adaptive,
  author        = {Duchi, John and Hazan, Elad and Singer, Yoram},
  title         = {Adaptive Subgradient Methods for Online Learning and Stochastic Optimization},
  journal       = {Journal of Machine Learning Research},
  year          = {2011},
  volume        = {12},
  pages         = {2121--2159},
  url           = {http://dl.acm.org/citation.cfm?id=2021068},
}

@Article{Zeiler2012ADADELTA,
  author        = {Zeiler, Matthew D.},
  title         = {{ADADELTA}: An Adaptive Learning Rate Method},
  journal       = {CoRR},
  volume        = {abs/1212.5701},
  year          = {2012},
  url           = {http://arxiv.org/abs/1212.5701},
}

@InProceedings{Dauphin2015Equilibrated,
  author        = {Dauphin, Yann and de Vries, Harm and Bengio, Yoshua},
  title         = {Equilibrated adaptive learning rates for non-convex optimization},
  booktitle     = {Advances in Neural Information Processing Systems 28: Annual Conference on Neural Information Processing Systems},
  year          = {2015},
  pages         = {1504--1512},
  address       = {Montreal, QC, Canada},
  url           = {http://papers.nips.cc/paper/5870-equilibrated-adaptive-learning-rates-for-non-convex-optimization},
}

@Article{Dozat2016Incorporating,
  author  = {Dozat, Timothy},
  title   = {Incorporating {N}esterov Momentum into {A}dam},
  journal = {{ICLR} Workshop, (1):2013–2016},
  year    = {2016},
  url     = {https://web.stanford.edu/~tdozat/files/TDozat-CS229-Paper.pdf},
}

@Article{Hochreiter1997Long,
  author        = {Hochreiter, Sepp and Schmidhuber, Jürgen},
  title         = {Long Short-Term Memory},
  journal       = {Neural Computation},
  year          = {1997},
  volume        = {9},
  number        = {8},
  pages         = {1735--1780},
  doi           = {10.1162/neco.1997.9.8.1735},
}

@InProceedings{Yu2010Word,
  author        = {Yu, K. and Mairesse, F. and Young, S.},
  title         = {Word-level emphasis modelling in {HMM}-based speech synthesis},
  booktitle     = {IEEE International Conference on Acoustics, Speech and Signal Processing},
  year          = {2010},
  pages         = {4238--4241},
  address       = {Dallas, TX, USA},
  doi           = {10.1109/icassp.2010.5495690},
}

@Article{Moebius2003Rare,
  author        = {M{\"o}bius, Bernd},
  title         = {Rare events and closed domains: Two delicate concepts in speech synthesis},
  journal       = {International Journal of Speech Technology},
  year          = {2003},
  volume        = {6},
  number        = {1},
  pages         = {57--71},
  doi           = {10.1023/a:1021052023237},
}

@Article{Bengio1994Learning,
  author        = {Bengio, Yoshua and Simard, Patrice and Frasconi, Paolo},
  title         = {Learning long-term dependencies with gradient descent is difficult},
  journal       = {IEEE Transactions on Neural Networks},
  year          = {1994},
  volume        = {5},
  number        = {2},
  pages         = {157--166},
  doi           = {10.1109/72.279181},
}

@InProceedings{Klambauer2017Self,
  author        = {Klambauer, G{\"u}nter and Unterthiner, Thomas and Mayr, Andreas and Hochreiter, Sepp},
  title         = {Self-normalizing neural networks},
  booktitle     = {Advances in Neural Information Processing Systems 30 (NIPS)},
  year          = {2017},
  pages         = {972--981},
  address       = {Long Beach, CA, USA},
  url           = {https://papers.nips.cc/paper/6698-self-normalizing-neural-networks},
}

@InProceedings{Latorre2008Multilevel,
  author        = {Latorre, Javier and Akamine, Masami},
  title         = {Multilevel parametric-base {F0} model for speech synthesis},
  booktitle     = {Interspeech},
  year          = {2008},
  pages         = {2274--2277},
  address       = {Brisbane, Australia},
  url           = {http://www.isca-speech.org/archive/interspeech_2008/i08_2274.html},
}

@InProceedings{LeMaguer2017Uprooting,
  author        = {{Le Maguer}, S\'{e}bastien and Steiner, Ingmar},
  title         = {Uprooting {MaryTTS}: Agile Processing and Voicebuilding},
  booktitle     = {Conference on Electronic Speech Signal Processing (ESSV)},
  year          = {2017},
  pages         = {152--159},
  address       = {Saarbr\"{u}cken, Germany},
  url           = {http://essv2017.coli.uni-saarland.de/pdfs/LeMaguer.pdf},
}

@InProceedings{Levy2014Neural,
  author        = {Levy, Omer and Goldberg, Yoav},
  title         = {Neural word embedding as implicit matrix factorization},
  booktitle     = {Advances in Neural Information Processing Systems 27 (NIPS)},
  year          = {2014},
  pages         = {2177--2185},
  address       = {Montreal, QC, Canada},
  url           = {https://papers.nips.cc/paper/5477-neural-word-embedding-as-implicit-matrix-factorization},
}

@InProceedings{McAuliffe2017Montreal,
  author        = {McAuliffe, Michael and Socolof, Michaela and Mihuc, Sarah and Wagner, Michael and Sonderegger, Morgan},
  title         = {{M}ontreal {F}orced {A}ligner: Trainable Text-Speech Alignment Using {K}aldi},
  booktitle     = {Interspeech},
  year          = {2017},
  pages         = {498--502},
  address       = {Stockholm, Sweden},
  doi           = {10.21437/Interspeech.2017-1386},
}

@InProceedings{Potard2016Idlak,
  author        = {Potard, Blaise and Aylett, Matthew P. and Baude, David A. and Motlicek, Petr},
  title         = {{I}dlak {T}angle: An Open Source {K}aldi Based Parametric Speech Synthesiser Based on {DNN}},
  booktitle     = {Interspeech},
  year          = {2016},
  pages         = {2293--2297},
  address       = {San Francisco, CA, USA},
  doi           = {10.21437/Interspeech.2016-1188},
}

@InProceedings{Ribeiro2015Multi,
  author        = {Ribeiro, Manuel Sam and Clark, Robert A. J.},
  title         = {A multi-level representation of {F0} using the continuous wavelet transform and the discrete cosine transform},
  booktitle     = {International Conference on Acoustics, Speech and Signal Processing (ICASSP)},
  year          = {2015},
  pages         = {4909--4913},
  address       = {Brisbane, Australia},
  doi           = {10.1109/ICASSP.2015.7178904},
}

@InProceedings{Ribeiro2016Wavelet,
  author        = {Ribeiro, Manuel Sam and Watts, Oliver and Yamagishi, Junichi and Clark, Robert AJ},
  title         = {Wavelet-based decomposition of {F0} as a secondary task for {DNN}-based speech synthesis with multi-task learning},
  booktitle     = {Acoustics, Speech and Signal Processing (ICASSP)},
  year          = {2016},
  pages         = {5525--5529},
  address       = {Shanghai, China},
  doi           = {10.1109/ICASSP.2016.7472734},
}

@Article{Srivastava2014Dropout,
  author        = {Srivastava, Nitish and Hinton, Geoffrey and Krizhevsky, Alex and Sutskever, Ilya and Salakhutdinov, Ruslan},
  title         = {Dropout: A simple way to prevent neural networks from overfitting},
  journal       = {Journal of Machine Learning Research},
  year          = {2014},
  volume        = {15},
  number        = {1},
  pages         = {1929--1958},
  url           = {http://jmlr.org/papers/v15/srivastava14a.html},
}

@article{Vainio2013Continuous,
  author        = {Vainio, Martti and Suni, Antti and Aalto, Daniel and others},
  title         = {Continuous wavelet transform for analysis of speech prosody},
  journal       = {Tools and Resources for the Analysis of Speech Prosody},
  year          = {2013},
  address       = {Aix-en-Provence, France},
  url           = {http://www.lpl-aix.fr/~trasp/Proceedings/19891-trasp2013.pdf},
}

@InProceedings{Suni2013Wavelets,
  author        = {Suni, Antti and Aalto, Daniel and Raitio, Tuomo and Alku, Paavo and Vainio, Martti},
  title         = {Wavelets for intonation modeling in {HMM} speech synthesis},
  booktitle     = {Speech Synthesis Workshop (SSW)},
  year          = {2013},
  pages         = {285--290},
  address       = {Barcelona, Spain},
  url           = {http://www.isca-speech.org/archive/ssw8/ssw8_285.html},
}

@Article{Suni2017Hierarchical,
  author        = {Suni, Antti and {\v{S}}imko, Juraj and Aalto, Daniel and Vainio, Martti},
  title         = {Hierarchical representation and estimation of prosody using continuous wavelet transform},
  journal       = {Computer Speech {\&} Language},
  year          = {2017},
  volume        = {45},
  pages         = {123--136},
  doi           = {10.1016/j.csl.2016.11.001},
}

@InProceedings{Wu2016Merlin,
  author        = {Wu, Zhizheng and Watts, Oliver and King, Simon},
  title         = {Merlin: An open source neural network speech synthesis system},
  booktitle     = {Speech Synthesis Workshop (SSW)},
  year          = {2016},
  pages         = {202--207},
  address       = {Sunnyvale, CA, USA},
  doi           = {10.21437/SSW.2016-33},
}

@InProceedings{Yin2014Modeling,
  author        = {Yin, Xiang and Lei, Ming and Qian, Yao and Soong, Frank K and He, Lei and Ling, Zhen-Hua and Dai, Li-Rong},
  title         = {Modeling {DCT} parameterized {F0} trajectory at intonation phrase level with {DNN} or decision tree},
  booktitle     = {Interspeech},
  year          = {2014},
  pages         = {2273--2277},
  address       = {Singapore},
  url           = {http://www.isca-speech.org/archive/interspeech_2014/i14_2273.html},
}

@InProceedings{Yu2009Probablistic,
  author        = {Yu, Kai and Toda, Tomoki and Gasic, Milica and Keizer, Simon and Mairesse, Francois and Thomson, Blaise and Young, Steve},
  title         = {Probablistic modelling of {F0} in unvoiced regions in {HMM} based speech synthesis},
  booktitle     = {International Conference on Acoustics, Speech and Signal Processing (ICASSP)},
  year          = {2009},
  pages         = {3773--3776},
  address       = {Taipei, Taiwan},
  doi           = {10.1109/ICASSP.2009.4960448},
}

@Article{Yu2011Continuous,
  author        = {Yu, Kai and Young, Steve},
  title         = {Continuous {F0} modeling for {HMM} based statistical parametric speech synthesis},
  journal       = {IEEE Transactions on Audio, Speech, and Language Processing},
  year          = {2011},
  volume        = {19},
  number        = {5},
  pages         = {1071--1079},
  doi           = {10.1109/TASL.2010.2076805},
}

@Article{Zatorre2012Musical,
  author        = {Zatorre, Robert J. and Baum, Shari R.},
  title         = {Musical melody and speech intonation: Singing a different tune},
  journal       = {PLoS Biology},
  year          = {2012},
  volume        = {10},
  number        = {7},
  pages         = {e1001372},
  doi           = {10.1371/journal.pbio.1001372},
}

@InProceedings{Zen2013Statistical,
  author        = {Zen, Heiga and Senior, Andrew and Schuster, Mike},
  title         = {Statistical parametric speech synthesis using deep neural networks},
  booktitle     = {International Conference on Acoustics, Speech and Signal Processing (ICASSP)},
  year          = {2013},
  pages         = {7962--7966},
  address       = {Vancouver, BC, Canada},
  doi           = {10.1109/ICASSP.2013.6639215},
}

@InProceedings{King2017Blizzard,
  author        = {King, Simon and Wihlborg, Lovisa and Guo, Wei},
  title         = {The {B}lizzard {C}hallenge 2017},
  booktitle     = {Blizzard Challenge},
  year          = {2017},
  address       = {Stockholm, Sweden},
  url           = {http://festvox.org/blizzard/bc2017/blizzard2017_overview_paper.pdf},
}

@InProceedings{Oord2016WaveNet,
  author        = {Oord, A{\"{a}}ron van den and Dieleman, Sander and Zen, Heiga and Simonyan, Karen and Vinyals, Oriol and Graves, Alex and Kalchbrenner, Nal and Senior, Andrew and Kavukcuoglu, Koray},
  title         = {{W}ave{N}et: A Generative Model for Raw Audio},
  booktitle     = {The 9th ISCA Speech Synthesis Workshop},
  address       = {Sunnyvale, CA, USA},
  pages         = {125},
  year          = {2016},
  url           = {http://www.isca-speech.org/archive/SSW_2016/abstracts/ssw9_DS-4_van_den_Oord.html},
}

@Article{Taylor1994Rise,
  author        = {Taylor, Paul},
  title         = {The rise/fall/connection model of intonation},
  journal       = {Speech Communication},
  year          = {1994},
  volume        = {15},
  number        = {1-2},
  pages         = {169-186},
  doi           = {10.1016/0167-6393(94)90050-7},
}

@Article{Greenwood1997Mel,
  author        = {Greenwood, Donald D.},
  title         = {The {M}el Scale's disqualifying bias and a consistency of pitch-difference equisections in 1956 with equal cochlear distances and equal frequency ratios},
  journal       = {Hearing Research},
  year          = {1997},
  volume        = {103},
  number        = {1-2},
  pages         = {199--224},
  doi           = {10.1016/s0378-5955(96)00175-x},
}

@Article{Yin2016Modeling,
  author        = {Yin, Xiang and Lei, Ming and Qian, Yao and Soong, Frank K. and He, Lei and Ling, Zhen-Hua and Dai, Li-Rong},
  title         = {Modeling {F0} trajectories in hierarchically structured deep neural networks},
  journal       = {Speech Communication},
  year          = {2016},
  volume        = {76},
  pages         = {82--92},
  doi           = {10.1016/j.specom.2015.10.007},
}

@InProceedings{Ronanki2016Template,
  author        = {Ronanki, Srikanth and Henter, Gustav Eje and Wu, Zhizheng and King, Simon},
  title         = {A Template-Based Approach for Speech Synthesis Intonation Generation Using {LSTMs}},
  booktitle     = {Interspeech},
  year          = {2016},
  address       = {San Francisco, CA, USA},
  doi           = {10.21437/interspeech.2016-96},
}

@Article{Zen2009Statistical,
  author        = {Zen, Heiga and Tokuda, Keiichi and Black, Alan W.},
  title         = {Statistical parametric speech synthesis},
  journal       = {Speech Communication},
  year          = {2009},
  volume        = {51},
  number        = {11},
  pages         = {1039--1064},
  doi           = {10.1016/j.specom.2009.04.004},
}

@InCollection{Rao2012Prosody,
  author        = {Rao, K. Sreenivasa},
  title         = {Prosody Knowledge for Speech Systems: A Review},
  booktitle     = {SpringerBriefs in Electrical and Computer Engineering},
  publisher     = {Springer New York},
  year          = {2012},
  pages         = {7--25},
  doi           = {10.1007/978-1-4614-1338-7_2},
}

@InCollection{Santen2008Prosodic,
  author        = {Santen, Jan P. H. van and Mishra, Taniya and Klabbers, Esther},
  title         = {Prosodic Processing},
  booktitle     = {Springer Handbook of Speech Processing},
  publisher     = {Springer Berlin Heidelberg},
  year          = {2008},
  pages         = {471--488},
  doi           = {10.1007/978-3-540-49127-9_23},
}

@InProceedings{Wang2017RNN,
  author        = {Wang, Xin and Takaki, Shinji and Yamagishi, Junichi},
  title         = {An {RNN}-Based Quantized {F0} Model with Multi-Tier Feedback Links for Text-to-Speech Synthesis},
  booktitle     = {Interspeech},
  year          = {2017},
  address       = {Stockholm, Sweden},
  url           = {http://www.isca-speech.org/archive/Interspeech_2017/abstracts/0246.html},
}

@InCollection{Rao2008Modeling,
  author        = {Rao, K. Sreenivasa},
  title         = {Modeling Supra-Segmental Features of Syllables Using Neural Networks},
  booktitle     = {Speech, Audio, Image and Biomedical Signal Processing using Neural Networks},
  publisher     = {Springer Berlin Heidelberg},
  year          = {2008},
  pages         = {71--95},
  doi           = {10.1007/978-3-540-75398-8_4},
}

@InProceedings{Wilson2017Marginal,
  author        = {Wilson, Ashia C. and Roelofs, Rebecca and Stern, Mitchell and Srebro, Nati and Recht, Benjamin},
  title         = {The marginal value of adaptive gradient methods in machine learning},
  booktitle     = {Advances in Neural Information Processing Systems 30 (NIPS)},
  year          = {2017},
  pages         = {4151--4161},
  address       = {Long Beach, CA, USA},
  url           = {http://papers.nips.cc/paper/7003-the-marginal-value-of-adaptive-gradient-methods-in-machine-learning},
}

@Comment{jabref-meta: databaseType:bibtex;}
